@book{book_key,
	address = ``Pacific Grove'',
	publisher = {Duxbury Thomson Learning},
	author = {Bain, L. J., Engelhardt, M.},
	title = {Introduction to Probability and Mathematical Statistics},
	year = {1992},
	edition = {2}
}

@book{book:2,
	address = {City},
	publisher = {Publisher},
	author = {Smith, John},
	title = {Book title},
	year = {2012},
	volume = {3},
	series = {2},
	edition = {1},
	pages = {123--200},
	month = {January}
}

@article{article_key,
	address = {City},
	publisher = {Article Publisher},
	author = {Smith, James},
	title = {Article title},
	year = {2013},
	volume = {14},
	number = {6},
	pages = {1--8},
	month = {March}
}
